<record><leader>00000cas a2200000 a 4500</leader><controlfield tag="001">10213670</controlfield><controlfield tag="008">831213d19821993mauwn ne      0   c0arm c</controlfield><datafield ind1=" " ind2=" " tag="010"><subfield code="a">sn 83005385 </subfield></datafield><datafield ind1=" " ind2=" " tag="040"><subfield code="a">NSD</subfield><subfield code="b">eng</subfield><subfield code="c">NSD</subfield><subfield code="d">MGN</subfield><subfield code="d">NSD</subfield><subfield code="d">MGN</subfield><subfield code="d">HUL</subfield><subfield code="d">OCLCQ</subfield><subfield code="d">DLC</subfield><subfield code="d">OCLCQ</subfield><subfield code="d">OCLCF</subfield><subfield code="d">OCLCO</subfield></datafield><datafield ind1=" " ind2=" " tag="012"><subfield code="m">d</subfield></datafield><datafield ind1="1" ind2=" " tag="022"><subfield code="a">0741-8396</subfield><subfield code="l">0741-8396</subfield><subfield code="2">1</subfield></datafield><datafield ind1="1" ind2=" " tag="029"><subfield code="a">AU@</subfield><subfield code="b">000026072253</subfield></datafield><datafield ind1=" " ind2=" " tag="037"><subfield code="b">Baikar Armenian Weekly, P.O. Box 302, Watertown, MA 02172</subfield></datafield><datafield ind1=" " ind2=" " tag="042"><subfield code="a">pcc</subfield><subfield code="a">nsdp</subfield></datafield><datafield ind1=" " ind2=" " tag="043"><subfield code="a">n-us---</subfield></datafield><datafield ind1=" " ind2="0" tag="222"><subfield code="a">Payk&#699;ar shabat&#699;at&#699;ert&#699;</subfield></datafield><datafield ind1="0" ind2="0" tag="245"><subfield code="a">Payk&#699;ar shabat&#699;at&#699;ert&#699; =</subfield><subfield code="b">Baikar Armenian weekly.</subfield></datafield><datafield ind1="3" ind2=" " tag="246"><subfield code="a">Payk&#699;ar orat&#699;ert&#699;</subfield></datafield><datafield ind1="3" ind2="1" tag="246"><subfield code="a">Baikar Armenian weekly</subfield></datafield><datafield ind1=" " ind2=" " tag="260"><subfield code="a">Watertown, MA :</subfield><subfield code="b">Baikar Association</subfield></datafield><datafield ind1=" " ind2=" " tag="300"><subfield code="a">v.</subfield></datafield><datafield ind1=" " ind2=" " tag="310"><subfield code="a">Weekly (except 2 weeks in July)</subfield></datafield><datafield ind1="1" ind2=" " tag="362"><subfield code="a">Began Oct. 9, 1982.</subfield></datafield><datafield ind1="0" ind2=" " tag="362"><subfield code="a">-v. 11, no. 23 (Feb. 27, 1993).</subfield></datafield><datafield ind1=" " ind2=" " tag="515"><subfield code="a">Issues for &lt;Jan. 4, 1986&gt;-Feb. 27, 1993 called also &lt;22,581&gt;-22,940.</subfield></datafield><datafield ind1=" " ind2=" " tag="530"><subfield code="a">Also issued on microfilm from the Library of Congress, Photoduplication Service.</subfield></datafield><datafield ind1=" " ind2=" " tag="546"><subfield code="a">In Armenian.</subfield></datafield><datafield ind1=" " ind2=" " tag="588"><subfield code="a">Description based on: Vol. 2, no. 2 (Oct. 15, 1983).</subfield></datafield><datafield ind1=" " ind2="0" tag="650"><subfield code="a">Armenians</subfield><subfield code="z">United States</subfield><subfield code="v">Newspapers.</subfield></datafield><datafield ind1=" " ind2="7" tag="655"><subfield code="a">Newspapers.</subfield><subfield code="2">fast</subfield><subfield code="0">(OCoLC)fst01423814</subfield></datafield><datafield ind1=" " ind2="7" tag="650"><subfield code="a">Armenians.</subfield><subfield code="2">fast</subfield><subfield code="0">(OCoLC)fst00814767</subfield></datafield><datafield ind1=" " ind2="7" tag="651"><subfield code="a">United States.</subfield><subfield code="2">fast</subfield><subfield code="0">(OCoLC)fst01204155</subfield></datafield><datafield ind1=" " ind2=" " tag="752"><subfield code="a">United States</subfield><subfield code="b">Massachusetts</subfield><subfield code="c">Middlesex</subfield><subfield code="d">Watertown.</subfield></datafield><datafield ind1="0" ind2="0" tag="780"><subfield code="t">Payk&#699;ar</subfield><subfield code="w">(DLC)sn 83045055</subfield><subfield code="w">(OCoLC)9862034</subfield></datafield><datafield ind1="0" ind2="0" tag="785"><subfield code="t">Payk&#699;ar amsagir</subfield><subfield code="x">1070-3675</subfield><subfield code="w">(DLC)  2004206462</subfield><subfield code="w">(OCoLC)28348218</subfield></datafield><datafield ind1=" " ind2=" " tag="936"><subfield code="a">Oct. 15, 1983</subfield></datafield></record>